% This file was created with JabRef 2.7b.
% Encoding: UTF-8

@ARTICLE{opencv,
  title = {Strona domowa projektu OpenCV: http://opencv.willowgarage.com/wiki/},
  owner = {szkudi},
  timestamp = {2012.01.23},
  url = {http://opencv.willowgarage.com/wiki/}
}

@ARTICLE{qt,
  title = {Strona domowa projektu Qt: http://qt.nokia.com/},
  owner = {szkudi},
  timestamp = {2012.01.23},
  url = {http://qt.nokia.com/}
}

